% This file was created with JabRef 2.3b2.
% Encoding: Cp1252

@misc{github,
    title = {{GitHub}},
    howpublished = {\url{https://github.com/}},
    note = {[accessed Oct 2015]}

@misc{dofac,
    title = {{JavaScript Design Patterns} - dofactory.com},
    howpublished = {\url{http://www.dofactory.com/javascript/design-patterns}},
    note = {[accessed Oct 2015]}
}

@misc{sourcem,
    title = {{Design Patterns} - sourcemaking.com},
    howpublished = {\url{https://sourcemaking.com/design_patterns}},
    note = {[accessed Oct 2015]}
}

@book{gang4,
    title={Design Patterns: Elements of Reusable Object-Oriented Software},
    author={Gamma, E. and Helm, R. and Johnson, R. and Vlissides, J.},
    year={1994},
    publisher={Addison-Wesley}
}

@misc{blackwasp,
    title = {{Design Patterns Articles} - blackwasp.co.uk},
    howpublished = {\url{http://www.blackwasp.co.uk/DesignPatternsArticles.aspx}},
    note = {[accessed Oct 2015]}
}

@misc{wiki:command,
    author = "Wikipedia",
    title = "{Command pattern - Wikipedia, The Free Encyclopedia}",
    howpublished = "\url{https://en.wikipedia.org/wiki/Command_pattern}",
    note = "[accessed Oct 2015]"
}

@misc{wiki:memento,
    author = "Wikipedia",
    title = "{Memento pattern - Wikipedia, The Free Encyclopedia}",
    howpublished = "\url{https://en.wikipedia.org/wiki/Memento_pattern}",
    note = "[accessed Oct 2015]"
}

@misc{wiki:cor,
    author = "Wikipedia",
    title = "{Chain-of-responsibility pattern - Wikipedia, The Free Encyclopedia}",
    howpublished = "\url{https://en.wikipedia.org/wiki/Chain-of-responsibility_pattern}",
    note = "[accessed Oct 2015]"
}

@misc{wiki:observer,
    author = "Wikipedia",
    title = "{Observer pattern - Wikipedia, The Free Encyclopedia}",
    howpublished = "\url{https://en.wikipedia.org/wiki/Observer_pattern}",
    note = "[accessed Oct 2015]"
}

@misc{wiki:spaceinvader,
    author = "Wikipedia",
    title = "{Space Invaders - Wikipedia, The Free Encyclopedia}",
    howpublished = "\url{https://en.wikipedia.org/wiki/Space_Invaders}",
    note = "[accessed Oct 2015]"
}

@misc{wiki:pacman,
    author = "Wikipedia",
    title = "{Pac-Man - Wikipedia, The Free Encyclopedia}",
    howpublished = "\url{https://en.wikipedia.org/wiki/Pac-Man}",
    note = "[accessed Oct 2015]"
}

@misc{spaceinv,
    author = "Dave Kerr",
    title = "{Space Invaders - github.com}",
    howpublished = "\url{https://github.com/dwmkerr/spaceinvaders}",
    note = "[accessed Oct 2015]"
}

@misc{tic,
    author = "Imogen Wentworth",
    title = "{Tic Tac Toe - github.com}",
    howpublished = "\url{https://github.com/negomi/tic-tac-toe}",
    note = "[accessed Oct 2015]"
}

@misc{pacman,
    author = "Dale Harvey",
    title = "{PacMan - github}",
    howpublished = "\url{https://github.com/daleharvey/pacman}",
    note = "[accessed Oct 2015]"
}

@misc{memento_seq,
    title = "{Memento sequence diagram}",
    howpublished = "\url{https://upload.wikimedia.org/wikipedia/commons/3/38/Memento_design_pattern_sequence1.png}",
    note = "[accessed Oct 2015]"
}

@misc{mementoUML,
    title = "{Memento UML diagram}",
    howpublished = "\url{http://www.blackwasp.co.uk/images/Memento.png}",
    note = "[accessed Oct 2015]"
}

@comment{jabref-meta: selector_publisher:}

@comment{jabref-meta: selector_author:}

@comment{jabref-meta: selector_journal:}

@comment{jabref-meta: selector_keywords:}
